@article{sedgewickcode,
title={DirectedEulerianCycle.java},
author={Sedgewick, R. and Wayne, K. and Liu, N.}, 
journal={\url{http://algs4.cs.princeton.edu/42digraph/DirectedEulerianCycle.java}}, 
year=2015,
crossref = {sedgewickbook},
}

@book{texbook,
author={D. E. Knuth}, 
title={The {\TeX book}},
publisher={Addison-Wesley},
location={Boston, MA},
year=1986
}

@book{blackbox,
author={M. Syed},
title={Black Box Thinking},
publisher={John Murray},
location={London},
year=2015
}

@inbook{a=b,
note={Foreword by D. E. Knuth},
author={M. Petkov{\v s}ek and H. S. Wilf and D. Zeilberger}, 
title={$A=B$},
publisher={A K Peters},
location={Wellesley, MA},
year=1996
}

@book{sedgewickbook,
author={Sedgewick, R. and Wayne, K.}, 
title={Algorithms}, 
edition={4th}, 
publisher={Addison-Wesley}, 
year=2011
}

@article{euler,
author={Euler, L.},
title={Solutio problematis ad geometriam situs pertinentis},
journal={Comment. Academiae Sci. I. Petropolitanae},
year= 1736,
volume={8},
pages={128--140}
}

@inproceedings{feynman,
year=1992,
author={Feynman, R. P.},
title={Cargo Cult Science, 1974 {CalTech}  commencement address},
booktitle={Surely You're Joking, Mr. Feynman! Adventures of a Curious Character}, 
editor={Feynman, R. P.  and Leighton, R.}, 
publisher={Vintage}, 
location={London, UK}
}

@article{wilson,
author={Hopkins, B. and Wilson, R. J.},
title={The Truth about {K}{\"o}nigsberg},
journal={The College Mathematics Journal},
year= 2004,
 volume={35},
 number=3,
 pages={198--207}
 }
 
@article{cpp,
author={Thimbleby, H.},
title={The Directed Chinese Postman Problem}, 
journal={Software --- Practice {and} Experience},
year= 2003,  
volume={33},
number=11,
pages={1081--1096},
doi={10.1002/spe.540}
}

@article{debruijn,
author={de Bruijn, N. G.},
title={A combinatorial problem},
journal={Koninklijke Nederlandse Akademie v. Wetenschappen},
year= 1946,
 volume={49},
 pages={758--764}
}

@article{fleury,
author={Fleury, M.},
title={Deux probl\`emes de G\'eom\'etrie de situation},
journal={Journal de Math\'ematiques \'El\'ementaires},
year={1883},
series=2,
volume={2},
pages={257--261}
}

@article{derivere,
author={de Rivere, A.},
journal={Journal l'Interm\'ediaire des Math\'ematiciens (** FULL REF REQUIRED **)},
year=1894
}

@article{sainte-marie,
author={Sainte-Marie, C. F.},
title={Solution to problem number 48}, 
journal={L'Interm\'ediaire des Math\'ematiciens},
year= 1894,
pages={107--110}
}

@article{hall,
author={Hall, R. W.},
title={Math for Poets and Drummers}, 
journal={\url{http://people.sju.edu/~rhall/mathforpoets.pdf}},
year={25 November 2015}
}

@book{knuth4a,
author={Knuth, D. E..},
booktitle={The Art of Computer Programming}, 
volume={4A},
title={Combinatorial Algorithms}, 
part= 1, 
publisher={Addison-Wesley},
location={Reading MA}, 
year=1998
}

@book{diaconis,
author={Diaconis, P. and Graham, R.},
title={Magical Mathematics: {T}he Mathematical Ideas That Animate Great Magic Tricks},
publisher={Princeton University Press},
location={Princeton NJ}, 
year=2012
}

@article{livescribe,
url={http://www.livescribe.com},
year={25 November 2015}
}

@article{hierholzer,
author={Hierholzer, C.},
title={Ueber die M\"oglichkeit  einen Linienzug ohne Wiederholung und ohne Unterbrechung zu umfahren},
journal={Mathematische Annalen},
year= 1873, 
volume={6},
number=1,
pages={30--32},
doi={10.1007/BF01442866}
}

@article{lempel,
author={Lempel, A.},
title={On a Homomorphism of the de {Bruijn} Graph and its Applications to the Design of Feedback Shift Registers},
journal={IEEE Transactions},
year= 1970, 
volume={C-19},
number=12,
pages={1204--1209},
doi={10.1109/T-C.1970.222859}
}

@article{good,
author={Good, I. J.},
title={Normal recurring decimals}, 
journal={Journal of the London Mathematical Society},
year=1946, 
volume={s1-21},
number=3,
pages={167--169},
doi={10.1112/jlms/s1-21.3.167}
}

@inproceedings{turan,
author={Turan, M. S.},
title={Evolutionary Construction of de {Bruijn} Sequences},
booktitle={AI Sec'11. Proceedings of the 4th ACM Workshop on Security and Artificial Intelligence},
year={2012},
pages={81--86},
doi={10.1145/2046684.2046696}
}

@article{heedless,
author={H. Thimbleby},
title={Heedless Programming: {I}gnoring Detectable Error is a Widespread Hazard},
year={2012},
doi={10.1002/spe.1141},
journal={Software --- Practice {\&} Experience},
volume=42, 
number=11, 
pages={1393--1407}
}

@article{jmlr,
author={H. Thimbleby},
title={Give your computer's {IQ} a boost},
booktitle={Journal of Machine Learning Research},
journal={Times Higher Education Supplement}, 
year={9 May, 2004},
url={http://www.timeshighereducation.co.uk/story.asp?sectioncode=26&storycode=176549},
}

@book{fisher,
author={Fisher, R. A.},
title={Statistical Methods for Research Workers},
publisher={Oliver and Boyd},
location={London}, 
year=1925,
pages={224--233}
}

@article{aguirre,
author={Aguirre, G. K. and Mattar, M. G. and Magis-Weinberg, L.},
title={de {Bruijn} cycles for neural decoding},
journal={Neuroimage},
year= 2011, 
volume={56},
number=3,
pages={1293--1300},
doi={10.1016/j.neuroimage.2011.02.005}
}

@book{golomb,
author={Golomb, S. W.},
title={Shift Register Sequences},
publisher={Holden-Day},
location={San Francisco CA}, 
year=1967
}

@book{graphbook,
author={Chartrand, G. and Lesniak, L.},
title={Graphs and Digraphs},
edition={3rd},
publisher={Chapman and Hall},
location={London}, 
year=1996
}

@book{popper,
author={Popper, K. R.},
title={The Logic of Scientific Discovery},
publisher={Routledge Classics},
location={London}, 
year=2002
}

@book{knuth2,
author={Knuth, D. E.},
title={Seminumerical Algorithms},
booktitle={The Art of Computer Programming}, 
volume={2}, 
edition={3rd},
publisher={Addison-Wesley},
location={Boston MA}, 
year=1998
}

@book{litprog,
author={Knuth, D. E.},
title={Literate Programming}, 
series={Center for the Study of Language and Information Lecture Notes}, 
volume={27}, 
publisher={Stanford University}, 
location={Palo Alto, CA},
year=1992,
doi={10.1093/comjnl/27.2.97}
}

@article{warp,
author={Thimbleby, H.},
title={Explaining Code for Publication}, 
journal={Software --- Practice {\&} Experience}, 
year=2003,
volume={33},
number=10,
pages={975--1001},
doi={10.1002/spe.537}
}

@article{loom,
author={Hanson, D. R.},
title={Printing common words},
journal={Communications of the ACM},
year= 1987,
volume={30},
number=7,
pages={594--598}
}

@inproceedings{pretex,
author={Kruse, R. L.},
title={Managing large projects with {Pre\TeX}: {A} preprocessor for {\TeX}},
booktitle={\TeX\ Users Group Annual Meeting}, 
pages={1070--1074}, 
year=1999
}

@book{sedgeoriginalbook,
author={Sedgewick, R.},
title= {Algorithms},
publisher={Addison-Wesley},
location={Reading MA}, 
year=1983
}

@book{pinker,
author={Pinker, S.},
title={The Sense of Style: {T}he Thinking Person's Guide to Writing in the 21st Century}, 
publisher={Penguin},
location= {London}, 
year=2015
}