@article{sedgewickcode,
title={DirectedEulerianCycle.java},
author={Sedgewick, R. and Wayne, K. and Liu, N.}, 
journal={\rm\texttt{http://algs4.cs.princeton.edu/42digraph/DirectedEulerianCycle.java}}, 
year=2015,
crossref = {sedgewickbook},
}

@book{mathematica,
author={S. Wolfram},
title={The MATHEMATICA Book}, 
edition={4th},
year=1999,
publisher={Cambridge University Press},
address={Cambridge}
}

@book{expect,
title={Exploring Expect: A Tcl-based Toolkit for Automating Interactive Programs},
publisher={O'Reilly Media}, 
year={1994 (corrected printing 1996)},
address={Sebastopol, CA, USA},
author={D. Libes},
isbn={978-1-565-92090-3},
url={http://expect.sourceforge.net}
}

@article{genome,
title={How to apply de Bruijn graphs to genome assembly},
author={P. E. C. Compeau and P. A. Pevzner and G. Tesler},
journal={Nature Biotechnology},
volume=29, 
number=11,
pages={987--991},
year=2011,
doi={10.1038/nbt.2023}
}

@article{newdavid,
title={Investigation of Two Prototypes of Novel Noncontact Technologies for Automated Real-Time Capture of Incremental Drug Administration Data From Syringes},
author={B. Eagle and D. J. Williams and J. Dingley},
journal={Anesthesia {\&} Analgesia},
year={in press},
doit={10.1213/ANE.0000000000002172}
}

@article{org-mode,
title={A Multi-Language Computing Environment for Literate Programming and Reproducible Research},
author={E. Schulte and D. Davison and T. Dye and C. Dominik}, 
journal={Journal of Statistical Software},
volume=46,
number=3,
year=2012,
pages={1--24},
doi={10.18637/jss.v046.i03}
}

@inproceedings{ansim,
title={Analysis and Simulation of User Interfaces},
booktitle={Human Computer Interaction 2000,
Proceedings British Computer Society Conference on Human-Computer Interaction}, 
editor={S. McDonald and Y. Waern and G. Cockton},
author={H. Thimbleby},
volume={XIV}, 
pages={221--237}, 
year=2000,
isbn= {1--85233--318--9},
location={Newcastle, England}
}

@article{nocite,
title={Copied citations create renowned papers?},
author={M. V. Simkin and V. P. Roychowdhury},
year={2003},
url={https://arxiv.org/abs/cond-mat/0305150},
volume={arXiv.org{\tt >}cond-mat{\tt >}arXiv:cond-mat/0305150}
}

@article{noweb,
title={Literate programming simplified},
author={N. Ramsey},
journal={IEEE Software},
year=1994,
pages={97--105},
number={September}
}

@article{evolution,
doi={10.1098/rsos.160384},
author={P. E. Smaldino and R. McElreath},
title={The natural selection of bad science},
journal={Royal Society Open Science},
volume={3}, 
number={160384},
year=2016
}

@book{wiki,
author={Wikipedia},
title={Comparison of documentation generators},
url={http://en.m.wikipedia.org/wiki/Comparison_of_documentation_generators},
year={accessed 2016}
}

@article{jupyter,
author={{Project Jupyter team}},
title={Project Jupyter},
journal={jupyter.org},
year=2016
}

@book{mlod,
author={L. Mlodinow},
title={Some Time with Feynman},
year={2004},
publisher={Penguin: Penguin Press Science}
}

@book{make,
author={R. Mecklenburg},
title={Managing Projects with {GNU} Make},
publisher={O'Reilly Media},
address={Sebastopol, CA, USA},
edition={3rd.},
year=2004
}

@article{cormen-web,
title={{Thomas H. Cormen
Professor
Department of Computer Science}},
journal={\rm\texttt{http://www.cs.dartmouth.edu/$\sim$thc/\#solutions}},
author={T. H. Cormen},
year=2016
}

@book{latex,
title={{\LaTeX}: a Document Preparation System: User's Guide and Reference Manual},
year=1994,
edition={2nd.},
publisher={Addison Wesley},
author={L. Lamport},
address={Boston, MA}
}

@article{feynmanprize,
author={R. P. Feynman},
title={The Development of the Space-Time View of Quantum Electrodynamics},
journal={Nobel Prize Lecture for Physics},
year=1965
}

@book{cormen,
author={T. H. Cormen and C. E. Leiserson and R. L. Rivest and C. Stein},
title={Introduction to Algorithms},
edition={3rd.},
publisher={MIT Press},
address={Boston, MA},
year=2009
}

@book{texbook,
author={D. E. Knuth}, 
title={The {\TeX book}},
publisher={Addison-Wesley},
address={Boston, MA},
year=1986
}

@book{blackbox,
author={M. Syed},
title={Black Box Thinking},
publisher={John Murray},
address={London},
year=2015
}

@inbook{a=b,
note={Foreword by D. E. Knuth},
author={M. Petkov{\v s}ek and H. S. Wilf and D. Zeilberger}, 
title={$A=B$},
publisher={A K Peters},
address={Wellesley, MA},
year=1996
}

@book{sedgewickbook,
author={Sedgewick, R. and Wayne, K.}, 
title={Algorithms}, 
edition={4th}, 
publisher={Addison-Wesley}, 
address={Boston, MA},
year=2011
}

@article{euler,
author={Euler, L.},
title={Solutio problematis ad geometriam situs pertinentis},
journal={Comment. Academiae Sci. I. Petropolitanae},
year= 1736,
volume={8},
pages={128--140}
}

@inproceedings{feynman,
year=1992,
author={Feynman, R. P.},
title={Cargo Cult Science, 1974 {CalTech}  commencement address},
booktitle={Surely You're Joking, Mr. Feynman! Adventures of a Curious Character}, 
editor={Feynman, R. P.  and Leighton, R.}, 
publisher={Vintage}, 
address={London, UK}
}

@article{wilson,
author={Hopkins, B. and Wilson, R. J.},
title={The Truth about {K}{\"o}nigsberg},
journal={The College Mathematics Journal},
year= 2004,
 volume={35},
 number=3,
 pages={198--207}
 }
 
@article{cpp,
author={Thimbleby, H.},
title={The Directed Chinese Postman Problem}, 
journal={Software --- Practice {and} Experience},
year= 2003,  
volume={33},
number=11,
pages={1081--1096},
doi={10.1002/spe.540}
}

@article{debruijn,
author={de Bruijn, N. G.},
title={A combinatorial problem},
journal={Koninklijke Nederlandse Akademie v. Wetenschappen},
year= 1946,
 volume={49},
 pages={758--764}
}

@article{fleury,
author={Fleury, M.},
title={Deux probl\`emes de G\'eom\'etrie de situation},
journal={Journal de Math\'ematiques \'El\'ementaires},
year={1883},
series=2,
volume={2},
pages={257--261}
}

@article{derivere,
author={de Rivere, A.},
journal={Journal l'Interm\'ediaire des Math\'ematiciens (** FULL REF REQUIRED **)},
year=1894
}

@article{sainte-marie,
author={Sainte-Marie, C. F.},
title={Solution to problem number 48}, 
journal={L'Interm\'ediaire des Math\'ematiciens},
year= 1894,
pages={107--110}
}

@article{hall,
author={Hall, R. W.},
title={Math for Poets and Drummers}, 
journal={\rm\texttt{http://people.sju.edu/~rhall/mathforpoets.pdf}},
year={25 November 2015}
}

@book{knuth4a,
author={Knuth, D. E..},
booktitle={The Art of Computer Programming}, 
volume={4A},
title={Combinatorial Algorithms}, 
part= 1, 
publisher={Addison-Wesley},
address={Reading MA}, 
year=1998
}

@book{diaconis,
author={Diaconis, P. and Graham, R.},
title={Magical Mathematics: {T}he Mathematical Ideas That Animate Great Magic Tricks},
publisher={Princeton University Press},
address={Princeton NJ}, 
year=2012
}

@article{livescribe,
url={http://www.livescribe.com},
year={25 November 2015}
}

@article{hierholzer,
author={Hierholzer, C.},
title={Ueber die M\"oglichkeit  einen Linienzug ohne Wiederholung und ohne Unterbrechung zu umfahren},
journal={Mathematische Annalen},
year= 1873, 
volume={6},
number=1,
pages={30--32},
doi={10.1007/BF01442866}
}

@article{lempel,
author={Lempel, A.},
title={On a Homomorphism of the de {Bruijn} Graph and its Applications to the Design of Feedback Shift Registers},
journal={IEEE Transactions},
year= 1970, 
volume={C-19},
number=12,
pages={1204--1209},
doi={10.1109/T-C.1970.222859}
}

@article{good,
author={Good, I. J.},
title={Normal recurring decimals}, 
journal={Journal of the London Mathematical Society},
year=1946, 
volume={s1-21},
number=3,
pages={167--169},
doi={10.1112/jlms/s1-21.3.167}
}

@inproceedings{turan,
author={Turan, M. S.},
title={Evolutionary Construction of de {Bruijn} Sequences},
booktitle={Proceedings of the 4th ACM Workshop on Security and Artificial Intelligence, AI Sec'11},
year={2011},
pages={81--86},
publisher={ACM},
doi={10.1145/2046684.2046696}
}

@article{heedless,
author={H. Thimbleby},
title={Heedless Programming: {I}gnoring Detectable Error is a Widespread Hazard},
year={2012},
doi={10.1002/spe.1141},
journal={Software --- Practice {\&} Experience},
volume=42, 
number=11, 
pages={1393--1407}
}

@article{jmlr,
author={H. Thimbleby},
title={Give your computer's {IQ} a boost},
booktitle={Journal of Machine Learning Research},
journal={Times Higher Education Supplement}, 
year={2004},
volume={9 May},
url={http://www.timeshighereducation.co.uk/story.asp?sectioncode=26&storycode=176549},
}

@book{fisher,
author={Fisher, R. A.},
title={Statistical Methods for Research Workers},
publisher={Oliver and Boyd},
address={London}, 
year=1925,
pages={224--233}
}

@article{aguirre,
author={Aguirre, G. K. and Mattar, M. G. and Magis-Weinberg, L.},
title={de {Bruijn} cycles for neural decoding},
journal={Neuroimage},
year= 2011, 
volume={56},
number=3,
pages={1293--1300},
doi={10.1016/j.neuroimage.2011.02.005}
}

@book{golomb,
author={Golomb, S. W.},
title={Shift Register Sequences},
publisher={Holden-Day},
address={San Francisco CA}, 
year=1967
}

@book{graphbook,
author={Chartrand, G. and Lesniak, L.},
title={Graphs and Digraphs},
edition={3rd},
publisher={Chapman and Hall},
address={London}, 
year=1996
}

@book{popper,
author={Popper, K. R.},
title={The Logic of Scientific Discovery},
publisher={Routledge Classics},
address={London}, 
year=2002
}

@book{knuth2,
author={Knuth, D. E.},
title={Seminumerical Algorithms},
booktitle={The Art of Computer Programming}, 
volume={2}, 
edition={3rd},
publisher={Addison-Wesley},
address={Boston MA}, 
year=1998
}

@book{litprog,
author={Knuth, D. E.},
title={Literate Programming}, 
series={Center for the Study of Language and Information Lecture Notes}, 
volume={27}, 
publisher={Stanford University}, 
address={Palo Alto, CA},
year=1992,
doi={10.1093/comjnl/27.2.97}
}

@inproceedings{writing,
author={Thimbleby, H.},
title={Write Now!},
booktitle={Research Methods for Human-Computer Interaction}, 
editor={P. Cairns and A. Cox}, 
publisher={Cambridge University Press}, 
pages={196--211}, 
year=2008
}

@article{warp,
author={Thimbleby, H.},
title={Explaining Code for Publication}, 
journal={Software --- Practice {\&} Experience}, 
year=2003,
volume={33},
number=10,
pages={975--1001},
doi={10.1002/spe.537}
}

@article{loom,
author={Hanson, D. R.},
title={Printing common words},
journal={Communications of the ACM},
year= 1987,
volume={30},
number=7,
pages={594--598}
}

@inproceedings{pretex,
author={Kruse, R. L.},
title={Managing large projects with {Pre\TeX}: {A} preprocessor for {\TeX}},
booktitle={\TeX\ Users Group Annual Meeting}, 
pages={1070--1074}, 
year=1999
}

@book{sedgeoriginalbook,
author={Sedgewick, R.},
title= {Algorithms},
publisher={Addison-Wesley},
address={Reading MA}, 
year=1983
}

@book{pinker,
author={Pinker, S.},
title={The Sense of Style: {T}he Thinking Person's Guide to Writing in the 21st Century}, 
publisher={Penguin},
address= {London}, 
year=2015
}